<record><leader>00000cas a2200000 a 4500</leader><controlfield tag="001">13073254</controlfield><controlfield tag="008">860128d18681949cauwr ne      0    0eng c</controlfield><datafield ind1=" " ind2=" " tag="010"><subfield code="a">sn 85066423 </subfield></datafield><datafield ind1=" " ind2=" " tag="040"><subfield code="a">KSH</subfield><subfield code="b">eng</subfield><subfield code="c">KSH</subfield><subfield code="d">NPT</subfield><subfield code="d">CNK</subfield><subfield code="d">OCLCQ</subfield><subfield code="d">OCLCF</subfield><subfield code="d">OCLCO</subfield></datafield><datafield ind1="1" ind2=" " tag="029"><subfield code="a">AU@</subfield><subfield code="b">000025839782</subfield></datafield><datafield ind1=" " ind2=" " tag="042"><subfield code="a">pcc</subfield></datafield><datafield ind1=" " ind2=" " tag="043"><subfield code="a">n-us-ca</subfield></datafield><datafield ind1="0" ind2="0" tag="245"><subfield code="a">Gilroy advocate.</subfield></datafield><datafield ind1="3" ind2="0" tag="246"><subfield code="a">Gilroy advocate and leader</subfield></datafield><datafield ind1="3" ind2="0" tag="246"><subfield code="a">Gilroy advocate-leader</subfield></datafield><datafield ind1="1" ind2="7" tag="246"><subfield code="a">Gilroy dispatch</subfield></datafield><datafield ind1=" " ind2=" " tag="260"><subfield code="a">Gilroy, Calif. :</subfield><subfield code="b">Hanson &amp; Macy</subfield></datafield><datafield ind1=" " ind2=" " tag="300"><subfield code="a">v.</subfield></datafield><datafield ind1=" " ind2=" " tag="310"><subfield code="a">Weekly</subfield></datafield><datafield ind1="0" ind2=" " tag="362"><subfield code="a">Vol. 1, no. 1 (Sept. 12, 1868)-82nd yr., no. 26 (Apr. 28, 1949).</subfield></datafield><datafield ind1=" " ind2=" " tag="500"><subfield code="a">Published as: Gilroy advocate and leader, Dec. 24, 1875-June 24, 1876, and: Gilroy advocate-leader, July 1, 1876-Aug. 19, 1876.</subfield></datafield><datafield ind1=" " ind2=" " tag="500"><subfield code="a">Issues for 1942-1949 frequently have running title: Gilroy dispatch.</subfield></datafield><datafield ind1=" " ind2=" " tag="515"><subfield code="a">Numbering is irregular.</subfield></datafield><datafield ind1=" " ind2=" " tag="515"><subfield code="a">Issues for Feb. 20, 1875-Oct. 26, 1939 called also whole no. 389-whole no. 2808.</subfield></datafield><datafield ind1=" " ind2=" " tag="530"><subfield code="a">Master negatives are available for duplication from:</subfield><subfield code="b">California Newspaper Microfilm Archive;</subfield><subfield code="c">positive copies may be purchased by the reel; for further information consult the CNMA at:</subfield><subfield code="u">http://cbsr.ucr.edu</subfield></datafield><datafield ind1=" " ind2="0" tag="651"><subfield code="a">Gilroy (Calif.)</subfield><subfield code="v">Newspapers.</subfield></datafield><datafield ind1=" " ind2="7" tag="655"><subfield code="a">Newspapers.</subfield><subfield code="2">fast</subfield><subfield code="0">(OCoLC)fst01423814</subfield></datafield><datafield ind1=" " ind2="7" tag="651"><subfield code="a">California</subfield><subfield code="z">Gilroy.</subfield><subfield code="2">fast</subfield><subfield code="0">(OCoLC)fst01215510</subfield></datafield><datafield ind1=" " ind2=" " tag="752"><subfield code="a">United States</subfield><subfield code="b">California</subfield><subfield code="c">Santa Clara</subfield><subfield code="d">Gilroy.</subfield></datafield><datafield ind1="0" ind2="5" tag="780"><subfield code="t">California weekly leader</subfield><subfield code="w">(DLC)sn 92068410</subfield></datafield><datafield ind1="0" ind2="7" tag="785"><subfield code="t">Gilroy evening dispatch (Gilroy, Calif. : 1925)</subfield><subfield code="w">(DLC)sn2002060516</subfield></datafield><datafield ind1="0" ind2="7" tag="785"><subfield code="t">Gilroy evening dispatch and the Gilroy advocate</subfield><subfield code="w">(DLC)sn 92068411</subfield></datafield></record>